@unpublished{lecture_notes,
title= {Course Lecture Notes},
author = {Kutz, J. Nathan},
year = {2018},
}

@unpublished{graph_notes,
title= {A Course in Combinatorial Optimization},
author = {Alexander Shrijver},
year = {2009},
}
