@unpublished{lecture_notes,
title= {Course Lecture Notes},
author = {Kutz, J. Nathan},
year = {2018},
}

@unpublished{oni,
title = {Cold & Warm Episodes by Season},
howpublished = {\url{http://origin.cpc.ncep.noaa.gov/products/analysis_monitoring/ensostuff/ONI_v5.php}},
note = {Accessed: May 18, 2017}
}
